%
% references.bib -- Bibliography file for the paper qr
%
% (c) 2020 Autor, Hochschule Rapperswil
%

@misc{qr:tam,
	title = {QR decompostion: History and its Applications},
	author = {Tin-Yau Tam},
	institution = {Auburn University}
	date = {2010-12-10},
	year = {2010},
	month = {12},
	day = {10}
}

@book{qr:numerical-analysis,
	title = {Numerical Analysis},
	author = {David Kincaid and Ward Cheney},
	publisher = {American Mathematical Society},
	year = {2002},
	isbn = {978-8-8218-4788-6},
	inseries = {Pure and applied undegraduate texts},
	volume = {2}
}

@article{qr:mendezmueller,
        author = { Tabea Méndez and Andreas Müller },
        title = { Noncommutative harmonic analysis and image registration },
        journal = { Appl. Comput. Harmon. Anal.},
        year = 2019,
        volume = 47,
        pages = {607--627},
        url = {https://doi.org/10.1016/j.acha.2017.11.004}
}

