%
% references.bib -- Bibliography file for the paper burgers
%
% (c) 2020 Autor, Hochschule Rapperswil
%

@online{burgers:navier,
	title = {Burgers' equation},
	url = {https://www.azimuthproject.org/azimuth/show/Burgers%27+equation},
	date = {2020-05-15},
	year = {2020},
	month = {5},
	day = {15}
}

@online{burgers:thomas,
	title = {Thomas Algorithmus},
	url = {https://en.wikipedia.org/wiki/Tridiagonal_matrix_algorithm},
	date = {2020-06-29},
	year = {2020},
	month = {6},
	day = {29}
}

@book{burgers:numerical-analysis,
	title = {Numerical Analysis},
	author = {David Kincaid and Ward Cheney},
	publisher = {American Mathematical Society},
	year = {2002},
	isbn = {978-8-8218-4788-6},
	inseries = {Pure and applied undegraduate texts},
	volume = {2}
}

@article{burgers:mendezmueller,
        author = { Tabea Méndez and Andreas Müller },
        title = { Noncommutative harmonic analysis and image registration },
        journal = { Appl. Comput. Harmon. Anal.},
        year = 2019,
        volume = 47,
        pages = {607--627},
        url = {https://doi.org/10.1016/j.acha.2017.11.004}
}


@book{burgers:lynch_2014,
	title = {The emergence of numerical weather prediction: Richardson's dream},
	author = {Lynch, Peter},
	publisher = {Cambridge University Press},
	year = {2014},
	isbn = {978-1-1074-1483-9 }
}
