%
% references.bib -- Bibliography file for the paper vanderpol
%
% (c) 2020 Autor, Hochschule Rapperswil
%


@book{vanderpol:bibvdp,
    author    = {van der Pol, Balthasar},
    title     = {A theory of the amplitude of free and forced triode vibrations},
    publisher = {Radio Review (later Wireless World)},
    year      = {1920}
}

@article{vanderpol:biblorenz,
    author = {Lorenz, Edward N.},
    title = "{Deterministic Nonperiodic Flow}",
    journal = {Journal of the Atmospheric Sciences},
    volume = {20},
    number = {2},
    pages = {130-141},
    year = {1963},
    month = {03}
}

@article{vanderpol:bibdopperlpendel,
  title={Chaos from simplicity: an introduction to the double pendulum},
  author={Chen, Joe},
  year={2008},
  publisher={University of Canterbury},
  url={http://hdl.handle.net/10092/12659}
}