%
% references.bib -- Bibliography file for the paper cg
%
% (c) 2020 Autor, Hochschule Rapperswil
%


@book{cg:book:hpc,
	title = {High Performance Computing},
	author = {Andreas M체ller},
	publisher = {Hochschule f체r Technik Rapperswil},
	year = {2014}
}

@article{cg:online:cgmueller,
	title = {CG-Algorithmus und Orthogonalit채t},
	author = {Andreas M체ller},
	url = {https://github.com/AndreasFMueller/SeminarNumerik/tree/master/scratch/cg},
	year = {2020}
}

@online{cg:online:code,
	title = {Einfache Python Implementation},
	author = {Raphael Unterer},
	url = {https://github.com/AndreasFMueller/SeminarNumerik/tree/master/buch/papers/cg/python},
	year = {2020}
}