%
% references.bib -- Bibliography file for the paper ableitung
%
% (c) 2020 Autor, Hochschule Rapperswil
%

@online{ableitung:bibtex,
	title = {BibTeX},
	url = {https://de.wikipedia.org/wiki/BibTeX},
	date = {2020-02-06},
	year = {2020},
	month = {2},
	day = {6}
}

@book{ableitung:numerical-analysis,
	title = {Numerical Analysis},
	author = {David Kincaid and Ward Cheney},
	publisher = {American Mathematical Society},
	year = {2002},
	isbn = {978-8-8218-4788-6},
	inseries = {Pure and applied undegraduate texts},
	volume = {2}
}

@article{ableitung:lenet,
	author={Y. {Lecun} and L. {Bottou} and Y. {Bengio} and P. {Haffner}},
	journal={Proceedings of the IEEE}, 
	title={Gradient-based learning applied to document recognition}, 
	year={1998},
	volume={86},
	number={11},
	pages={2278-2324}
}

@article{ableitung:backprop,
	author = {Yann Le Cun},
	title = {A Theoretical Framework for Back-Propagation},
	year = {1988},
	pages = {21-28},
	booktitle={Proceedings of the 1988 Connectionist Models Summer School, CMU, Pittsburg, PA}
}

@article{ableitung:vanish-gradient,
	author = {Hochreiter, Sepp},
	year = {1991},
	month = {04},
	pages = {},
	title = {Untersuchungen zu dynamischen neuronalen Netzen}
}
