%
% references.bib -- Bibliography file for the paper legendre
%
% (c) 2020 Autor, Hochschule Rapperswil
%

@online{legendre:bibtex,
	title = {BibTeX},
	url = {https://de.wikipedia.org/wiki/BibTeX},
	date = {2020-02-06},
	year = {2020},
	month = {2},
	day = {6}
}

@book{legendre:numerical-analysis,
	title = {Numerical Analysis},
	author = {David Kincaid and Ward Cheney},
	publisher = {American Mathematical Society},
	year = {2002},
	isbn = {978-8-8218-4788-6},
	inseries = {Pure and applied undegraduate texts},
	volume = {2}
}

@article{legendre:mendezmueller,
        author = { Tabea Méndez and Andreas Müller },
        title = { Noncommutative harmonic analysis and image registration },
        journal = { Appl. Comput. Harmon. Anal.},
        year = 2019,
        volume = 47,
        pages = {607--627},
        url = {https://doi.org/10.1016/j.acha.2017.11.004}
}

@online{legendre:wikipedia,
	title = {Associated Legendre polynomials - Wikipedia},
	url = {https://en.wikipedia.org/wiki/Associated_Legendre_polynomials},
	date = {2020-05-10},
	year = {2020},
	month = {5},
	day = {10}
}

@online{legendre:assoc-legendre-poly-wolfram,
	title = {Associated Legendre Polynomial -- from Wolfram MathWorld},
	url = {https://mathworld.wolfram.com/AssociatedLegendrePolynomial.html},
	date = {2020-05-10},
	year = {2020},
	month = {5},
	day = {10}
}

@online{legendre:assoc-legendre-diff-wolfram,
	title = {Associated Legendre Differential Equation -- from Wolfram MathWorld},
	url = {https://mathworld.wolfram.com/AssociatedLegendreDifferentialEquation.html},
	date = {2020-05-10},
	year = {2020},
	month = {5},
	day = {10}
}

@online{legendre:spherical-harmonic-wolfram,
	title = {Spherical Harmonic -- from Wolfram MathWorld},
	url = {https://mathworld.wolfram.com/SphericalHarmonic.html},
	date = {2020-05-10},
	year = {2020},
	month = {5},
	day = {10}
}

@online{legendre:legendrep-wolfram,
	title = {LegendreP—Wolfram Language Documentation},
	url = {https://reference.wolfram.com/language/ref/LegendreP.html},
	date = {2020-05-10},
	year = {2020},
	month = {5},
	day = {10}
}

