%
% references.bib
%
% (c) 2020 Prof Dr Andreas Müller, Hochschule Rapperswil
%

@book{buch:mathsem-dgl,
	title = {Mathematisches Seminar Differentialgleichungen},
	author = { Andreas M"uller and others },
	year = {2016},
}

@online{buch:fftw,
	title = {Fastest Fourier Transform in the West},
	url = {http://www.fftw.org/},
        DAY = {23},
        MONTH = {july},
        YEAR = 2018
}

@online{buch:repo,
	subtitle = {Source Code Repository},
	author = {Andreas Müller},
	url = {https://github.com/AndreasFMueller/SeminarNumerik.git},
	DAY = 6,
	MONTH = {february},
	YEAR = 2020
}

