%
% references.bib -- Bibliography file for the paper fem
%
% (c) 2020 Autor, Hochschule Rapperswil
%

@online{fem:bibtex,
	title = {BibTeX},
	url = {https://de.wikipedia.org/wiki/BibTeX},
	date = {2020-02-06},
	year = {2020},
	month = {2},
	day = {6}
}

@book{fem:numerical-analysis,
	title = {Numerical Analysis},
	author = {David Kincaid and Ward Cheney},
	publisher = {American Mathematical Society},
	year = {2002},
	isbn = {978-8-8218-4788-6},
	inseries = {Pure and applied undegraduate texts},
	volume = {2}
}

@article{fem:mendezmueller,
        author = { Tabea Méndez and Andreas Müller },
        title = { Noncommutative harmonic analysis and image registration },
        journal = { Appl. Comput. Harmon. Anal.},
        year = 2019,
        volume = 47,
        pages = {607--627},
        url = {https://doi.org/10.1016/j.acha.2017.11.004}
}

@book{hahn_kompaktkurs_2018,
	title = {Kompaktkurs Finite Elemente für Einsteiger: Theorie und Beispiele zur Approximation linearer Feldprobleme},
	author = {Hahn, Manfred and Reck, Michael},
	publisher = {Springer Fachmedien Wiesbaden {GmbH}},
	year = {2018},
	isbn = {978-3-658-22774-6 978-3-658-22775-3},
}

@book{frochte_finite-elemente-methode_2016,
	title = {Finite-Elemente-Methode: eine praxisbezogene Einführung mit {GNU} Octave/{MATLAB}},
	author = {Frochte, Jörg},
	publisher = {Fachbuchverlag Leipzig im Carl Hanser Verlag},
	isbn = {978-3-446-44665-6 978-3-446-44909-1},
	year = {2016},
	isbn = {978-3-446-44665-6 978-3-446-44909-1},
}

